<record><leader>00000cas a2200000 a 4500</leader><controlfield tag="001">10817057</controlfield><controlfield tag="008">840607d19041973ksuwr ne      0   a0eng d</controlfield><controlfield tag="009">3789</controlfield><datafield ind1=" " ind2=" " tag="010"><subfield code="a">sn 84029167 </subfield></datafield><datafield ind1=" " ind2=" " tag="040"><subfield code="a">KSH</subfield><subfield code="b">eng</subfield><subfield code="c">KSH</subfield><subfield code="d">NPT</subfield><subfield code="d">OCL</subfield></datafield><datafield ind1=" " ind2=" " tag="042"><subfield code="a">msc</subfield></datafield><datafield ind1="0" ind2="4" tag="245"><subfield code="a">The McCune herald.</subfield></datafield><datafield ind1=" " ind2=" " tag="260"><subfield code="a">McCune, Kan. :</subfield><subfield code="b">F.S. Willey,</subfield><subfield code="c">1904-1973.</subfield></datafield><datafield ind1=" " ind2=" " tag="300"><subfield code="a">70 v. :</subfield><subfield code="b">ill. ;</subfield><subfield code="c">37-60 cm.</subfield></datafield><datafield ind1=" " ind2=" " tag="310"><subfield code="a">Weekly</subfield></datafield><datafield ind1="0" ind2=" " tag="362"><subfield code="a">Vol. 22, no. 37 (Apr. 21, 1904)-v. 90, no. 43 (July 26, 1973).</subfield></datafield><datafield ind1=" " ind2=" " tag="500"><subfield code="a">Publisher varies.</subfield></datafield><datafield ind1=" " ind2=" " tag="752"><subfield code="a">United States</subfield><subfield code="b">Kansas</subfield><subfield code="c">Crawford</subfield><subfield code="d">McCune.</subfield></datafield><datafield ind1="0" ind2="0" tag="780"><subfield code="t">Times-democrat (McCune, Kan.)</subfield><subfield code="w">(DLC)sn 84029166</subfield></datafield><datafield ind1="0" ind2="4" tag="785"><subfield code="t">Girard press</subfield><subfield code="w">(DLC)sn 84029146</subfield></datafield></record>